<?xml version="1.0" encoding="UTF-8"?><collection xmlns="http://www.loc.gov/MARC21/slim"><record><leader>00505nam--2200181-i-4500</leader><controlfield tag="001">000018576</controlfield><controlfield tag="002">20161230</controlfield><controlfield tag="005">20161230201032</controlfield><controlfield tag="008">060222s1000------------r-----000-0-eng-d</controlfield><datafield ind1=" " ind2=" " tag="040"><subfield code="a">IFIN-HH</subfield></datafield><datafield ind1=" " ind2=" " tag="080"><subfield code="a">621.039.577</subfield></datafield><datafield ind1="1" ind2=" " tag="100"><subfield code="a">El-wakil, M.M</subfield></datafield><datafield ind1="1" ind2="0" tag="245"><subfield code="a">Nuclear power engineering</subfield><subfield code="c">M.m el-wakil</subfield></datafield><datafield ind1=" " ind2=" " tag="260"><subfield code="a">New York</subfield><subfield code="b">Mcgraw-hill Book Company, Inc</subfield><subfield code="c">1962</subfield></datafield><datafield ind1=" " ind2=" " tag="300"><subfield code="a">XV + 556 P</subfield></datafield><datafield ind1=" " ind2=" " tag="490"><subfield code="a">Mcgraw-hill Series In Nuclear Engineering</subfield></datafield><datafield ind1=" " ind2=" " tag="852"><subfield code="a">18598</subfield><subfield code="c">621.039.5</subfield></datafield><datafield ind1=" " ind2=" " tag="CAT"><subfield code="a">Sys</subfield><subfield code="c">20120529</subfield><subfield code="h">163812</subfield></datafield></record></collection>